@article{falling-slinky,
  author   = {Cross, Rod C. and Wheatland, Mike S.},
  title    = {Modeling a falling slinky},
  journal  = {American Journal of Physics},
  volume   = {80},
  number   = {12},
  pages    = {1051--1060},
  year     = {2012},
  doi      = {10.1119/1.4750489}
}

@article{kinematics-slinky,
  author   = {French, A. P.},
  title    = {The Slinky: Kinematic and static equilibria},
  journal  = {The Physics Teacher},
  volume   = {32},
  number   = {4},
  pages    = {244--253},
  year     = {1994},
  doi      = {10.1119/1.2343991}
}

@article{torsion-springs,
  author   = {Johnson, Eric and Kamm, Roger D.},
  title    = {Numerical studies of steady flow dispersion at low Dean number in a gently curving tube},
  journal  = {Journal of Fluid Mechanics},
  volume   = {172},
  pages    = {329--345},
  year     = {1986},
  doi      = {10.1017/S0022112086001763}
}

@article{strain-waves-numerical,
  author   = {Graff, Karl F.},
  title    = {Wave Motion in Elastic Solids},
  publisher = {Dover Publications},
  address  = {New York},
  year     = {1991},
  isbn     = {978-0486667454}
}

@article{strain-waves-cylindrical,
  author   = {Achenbach, J.D.},
  title    = {Wave Propagation in Elastic Solids},
  publisher = {North-Holland Publishing Company},
  address  = {Amsterdam},
  year     = {1973},
  isbn     = {978-0720403251}
}

@article{vaswani2017attention,
  author    = {Vaswani, Ashish and Shazeer, Noam and Parmar, Niki and Uszkoreit, Jakob and Jones, Llion and Gomez, Aidan N and Kaiser, {\L}ukasz and Polosukhin, Illia},
  title     = {Attention is all you need},
  journal   = {Advances in neural information processing systems},
  volume    = {30},
  year      = {2017}
}

@inproceedings{neurips,
  title={NeurIPS 2023 paper checklist guidelines},
  author={NeurIPS Program Chairs},
  booktitle={Neural Information Processing Systems},
  year={2023}
}

@article{aczel2020consensus,
  title={A consensus-based transparency checklist},
  author={Aczel, Balazs and Szaszi, Barnabas and Sarafoglou, Alexandra and Kekecs, Zoltan and Kucharsk{\'y}, {\v{S}}imon and Benjamin, Daniel and Chambers, Christopher D and Fisher, Agneta and Gelman, Andrew and Gernsbacher, Morton A and others},
  journal={Nature Human Behaviour},
  volume={4},
  number={1},
  pages={4--6},
  year={2020},
  publisher={Nature Publishing Group UK London}
}

@article{benotti2023understanding,
  title={Understanding the Impact of Ethics Reviews in NLP Research},
  author={Benotti, Luciana and Czyzyk, Agnieszka and Qian, Alexander and Webb, Helena and Voigt, Rob},
  journal={arXiv preprint arXiv:2305.17084},
  year={2023}
}

@article{gebru2021datasheets,
  title={Datasheets for datasets},
  author={Gebru, Timnit and Morgenstern, Jamie and Vecchione, Briana and Vaughan, Jennifer Wortman and Wallach, Hanna and Daum{\'e} III, Hal and Crawford, Kate},
  journal={Communications of the ACM},
  volume={64},
  number={12},
  pages={86--92},
  year={2021},
  publisher={ACM New York, NY, USA}
}

@article{fair,
  title={The FAIR Guiding Principles for scientific data management and stewardship},
  author={Wilkinson, Mark D and Dumontier, Michel and Aalbersberg, IJsbrand Jan and Appleton, Gabrielle and Axton, Myles and Baak, Arie and Blomberg, Niklas and Boiten, Jan-Willem and da Silva Santos, Luiz Bonino and Bourne, Philip E and others},
  journal={Scientific data},
  volume={3},
  number={1},
  pages={1--9},
  year={2016},
  publisher={Nature Publishing Group}
}

@article{ashurst2020guide,
  title={A guide to writing the NeurIPS impact statement},
  author={Ashurst, Carolyn and Hine, Emily and Sedille, Paul and Carlier, Alexia},
  year={2020}
} 