@article{falling-slinky,
  title={Falling-slinky\_amm124.1.24},
  author={},
  journal={},
  volume={},
  number={},
  pages={},
  year={2017},
  publisher={}
}

@article{kinematics-slinky,
  title={The kinematics and static equilibria of a Slinky},
  author={},
  journal={},
  volume={},
  number={},
  pages={},
  year={},
  publisher={}
}

@article{torsion-springs,
  title={Numerical and Experimental Analysis of Torsion Springs Using NURBS Curves},
  author={},
  journal={},
  volume={},
  number={},
  pages={},
  year={},
  publisher={}
}

@article{strain-waves-numerical,
  title={The numerical solution of strain waves propagation in elastic helical springs},
  author={},
  journal={},
  volume={},
  number={},
  pages={},
  year={},
  publisher={}
}

@article{strain-waves-cylindrical,
  title={Propagation of strain waves in cylindrical helical springs},
  author={},
  journal={},
  volume={},
  number={},
  pages={},
  year={},
  publisher={}
}

@article{vaswani2017attention,
  title={Attention is all you need},
  author={Vaswani, Ashish and Shazeer, Noam and Parmar, Niki and Uszkoreit, Jakob and Jones, Llion and Gomez, Aidan N and Kaiser, Lukasz and Polosukhin, Illia},
  journal={Advances in neural information processing systems},
  volume={30},
  year={2017}
} 